<record><leader>00000cas a22000007a 4500</leader><controlfield tag="001">34575868</controlfield><controlfield tag="008">960415d19731985azuwr nea     0    0eng d</controlfield><datafield ind1=" " ind2=" " tag="010"><subfield code="a">sn 96060804 </subfield></datafield><datafield ind1=" " ind2=" " tag="040"><subfield code="a">ANN</subfield><subfield code="b">eng</subfield><subfield code="c">ANN</subfield><subfield code="d">DLC</subfield><subfield code="d">ANN</subfield><subfield code="d">OCLCO</subfield><subfield code="d">OCLCQ</subfield><subfield code="d">OCLCO</subfield><subfield code="d">OCLCQ</subfield></datafield><datafield ind1=" " ind2=" " tag="042"><subfield code="a">msc</subfield></datafield><datafield ind1=" " ind2=" " tag="043"><subfield code="a">n-us-az</subfield></datafield><datafield ind1="0" ind2="0" tag="245"><subfield code="a">Qua' to&#776;qti =</subfield><subfield code="b">The eagle's cry.</subfield></datafield><datafield ind1="0" ind2="0" tag="246"><subfield code="a">Qua'to&#776;qti</subfield></datafield><datafield ind1="3" ind2="1" tag="246"><subfield code="a">Eagle's cry</subfield></datafield><datafield ind1=" " ind2=" " tag="260"><subfield code="a">Oraibi, Ariz. :</subfield><subfield code="b">Hopi Publishers,</subfield><subfield code="c">1973-1985.</subfield></datafield><datafield ind1=" " ind2=" " tag="300"><subfield code="a">volumes :</subfield><subfield code="b">illustrations ;</subfield><subfield code="c">58 cm</subfield></datafield><datafield ind1=" " ind2=" " tag="310"><subfield code="a">Weekly</subfield></datafield><datafield ind1=" " ind2=" " tag="336"><subfield code="a">text</subfield><subfield code="b">txt</subfield><subfield code="2">rdacontent</subfield></datafield><datafield ind1=" " ind2=" " tag="337"><subfield code="a">microform</subfield><subfield code="b">h</subfield><subfield code="2">rdamedia</subfield></datafield><datafield ind1=" " ind2=" " tag="338"><subfield code="a">microfilm reel</subfield><subfield code="b">hd</subfield><subfield code="2">rdacarrier</subfield></datafield><datafield ind1="0" ind2=" " tag="362"><subfield code="a">Vol. 1, no. 1 (July 19, 1973)-v. 10, no. 10 (Mar. 21, 1985).</subfield></datafield><datafield ind1=" " ind2=" " tag="500"><subfield code="a">Place of publication changed to: New Oraibi, Jan. 15, 1976, then to Kykotsmovi, Mar. 11, 1982, which is another name for New Oraibi.</subfield></datafield><datafield ind1=" " ind2=" " tag="515"><subfield code="a">Not published June 19, 1981-Mar. 4, 1982?</subfield></datafield><datafield ind1=" " ind2=" " tag="533"><subfield code="a">Microfilm.</subfield><subfield code="b">Madison, WI :</subfield><subfield code="c">State Historical Society of Wisconsin,</subfield><subfield code="d">1978-</subfield><subfield code="e">microfilm reels ; 35 mm.</subfield></datafield><datafield ind1=" " ind2="0" tag="650"><subfield code="a">Hopi Indians</subfield><subfield code="z">Arizona</subfield><subfield code="v">Newspapers.</subfield></datafield><datafield ind1=" " ind2="0" tag="650"><subfield code="a">Oraibi (Ariz.)</subfield><subfield code="v">Newspapers.</subfield></datafield><datafield ind1=" " ind2="0" tag="651"><subfield code="a">Navajo County (Ariz.)</subfield><subfield code="v">Newspapers.</subfield></datafield><datafield ind1=" " ind2="4" tag="650"><subfield code="a">Kykotsmovi (Ariz.)</subfield><subfield code="v">Newspapers.</subfield></datafield><datafield ind1=" " ind2=" " tag="752"><subfield code="a">United States</subfield><subfield code="b">Arizona</subfield><subfield code="c">Navajo</subfield><subfield code="d">Oraibi.</subfield></datafield><datafield ind1=" " ind2=" " tag="752"><subfield code="a">United States</subfield><subfield code="b">Arizona</subfield><subfield code="c">Navajo</subfield><subfield code="d">New Oraibi.</subfield></datafield><datafield ind1=" " ind2=" " tag="752"><subfield code="a">United States</subfield><subfield code="b">Arizona</subfield><subfield code="c">Navajo</subfield><subfield code="d">Kyotsmovi.</subfield></datafield><datafield ind1="0" ind2="8" tag="776"><subfield code="c">Original</subfield><subfield code="w">(DLC)sn 83002565</subfield></datafield><datafield ind1="1" ind2=" " tag="029"><subfield code="a">AU@</subfield><subfield code="b">000012366828</subfield></datafield></record>